<record><leader>00000cas a22000007a 4500</leader><controlfield tag="001">22742235</controlfield><controlfield tag="008">901127d19061919mnudn ne      0    0eng d</controlfield><datafield ind1=" " ind2=" " tag="010"><subfield code="a">sn 90060818 </subfield></datafield><datafield ind1=" " ind2=" " tag="040"><subfield code="a">MN#</subfield><subfield code="b">eng</subfield><subfield code="c">MN#</subfield><subfield code="d">OCLCQ</subfield><subfield code="d">OCLCF</subfield><subfield code="d">OCLCO</subfield></datafield><datafield ind1="1" ind2=" " tag="029"><subfield code="a">AU@</subfield><subfield code="b">000025848271</subfield></datafield><datafield ind1=" " ind2=" " tag="042"><subfield code="a">msc</subfield></datafield><datafield ind1=" " ind2=" " tag="043"><subfield code="a">n-us-mn</subfield></datafield><datafield ind1=" " ind2=" " tag="052"><subfield code="a">4144</subfield><subfield code="b">W8</subfield></datafield><datafield ind1=" " ind2=" " tag="052"><subfield code="a">4143</subfield><subfield code="b">W8</subfield></datafield><datafield ind1="0" ind2="4" tag="245"><subfield code="a">The Winona independent.</subfield></datafield><datafield ind1=" " ind2=" " tag="260"><subfield code="a">Winona, Minn. :</subfield><subfield code="b">Independent Pub. Co.,</subfield><subfield code="c">1906-1919.</subfield></datafield><datafield ind1=" " ind2=" " tag="300"><subfield code="a">13 v.</subfield></datafield><datafield ind1=" " ind2=" " tag="310"><subfield code="a">Daily (except Mon.)</subfield></datafield><datafield ind1="0" ind2=" " tag="362"><subfield code="a">9th year, no. 168 (Oct. 14, 1906)-21st year, no. 292 (May 29, 1919).</subfield></datafield><datafield ind1=" " ind2=" " tag="530"><subfield code="a">Available on microfilm from the Minnesota Historical Society.</subfield></datafield><datafield ind1=" " ind2="0" tag="651"><subfield code="a">Winona (Minn.)</subfield><subfield code="v">Newspapers.</subfield></datafield><datafield ind1=" " ind2="7" tag="655"><subfield code="a">Newspapers.</subfield><subfield code="2">fast</subfield><subfield code="0">(OCoLC)fst01423814</subfield></datafield><datafield ind1=" " ind2="7" tag="651"><subfield code="a">Minnesota</subfield><subfield code="z">Winona.</subfield><subfield code="2">fast</subfield><subfield code="0">(OCoLC)fst01202921</subfield></datafield><datafield ind1=" " ind2=" " tag="752"><subfield code="a">United States</subfield><subfield code="b">Minnesota</subfield><subfield code="c">Winona</subfield><subfield code="d">Winona.</subfield></datafield><datafield ind1="0" ind2="4" tag="785"><subfield code="t">Winona Republican and herald (Winona, Minn. : Daily)</subfield><subfield code="w">(DLC)sn 90060814</subfield></datafield></record>